@incollection{Knappe2007MEMSClocks,
    title = {{MEMS Atomic Clocks}},
    year = {2007},
    booktitle = {Comprehensive Microsystems},
    author = {Knappe, Svenja},
    pages = {571--612},
    volume = {3},
    publisher = {Elsevier B.V.}
}

@inproceedings{Mileti2017IntroductionClocks,
    title = {{Introduction to Atomic Clocks}},
    year = {2017},
    booktitle = {European Frequency and Time Seminar},
    author = {Mileti, Gaetano}
}

@article{LombardiM.A.andHeavnerT.PandJefferts2007NISTSI,
    title = {{NIST Primary Frequency Standards and the Realization of the SI}},
    year = {2007},
    journal = {The Journal of Measurement Science},
    author = {Lombardi, M. A. and Heavner, T. P and Jefferts, S. R.},
    number = {4},
    pages = {74--89},
    volume = {2},
    url = {https://tf.nist.gov/general/pdf/2039.pdf}
}

@article{Guena2012ProgressLNE-SYRTE,
    title = {{Progress in atomic fountains at LNE-SYRTE}},
    year = {2012},
    journal = {IEEE Transactions on Ultrasonics, Ferroelectrics and Frequency Control},
    author = {Guena, J. and Abgrall, M. and Rovera, D. and Laurent, P. and Chupin, B. and Lours, M. and Santarelli, G. and Rosenbusch, P. and Tobar, M. E. and {Ruoxin Li} and Gibble, K. and Clairon, A. and Bize, S.},
    number = {3},
    month = {3},
    pages = {391--409},
    volume = {59},
    url = {http://ieeexplore.ieee.org/document/6174184/},
    doi = {10.1109/TUFFC.2012.2208},
    issn = {0885-3010}
}